<?xml version="1.0" encoding="UTF-8"?><collection xmlns="http://www.loc.gov/MARC21/slim"><record><leader>00578nam--2200205-i-4500</leader><controlfield tag="001">000001517</controlfield><controlfield tag="002">20161230</controlfield><controlfield tag="005">20161230201024</controlfield><controlfield tag="008">060222s1000------------r-----000-0-eng-d</controlfield><datafield ind1=" " ind2=" " tag="020"><subfield code="a">0521208750</subfield></datafield><datafield ind1=" " ind2=" " tag="040"><subfield code="a">IFIN-HH</subfield></datafield><datafield ind1=" " ind2=" " tag="080"><subfield code="a">538.911</subfield></datafield><datafield ind1="1" ind2=" " tag="100"><subfield code="a">Martin, J.W</subfield></datafield><datafield ind1="1" ind2="0" tag="245"><subfield code="a">Stability of microstructure in metallic systems</subfield><subfield code="c">J.w. martin, r.d. doherty</subfield></datafield><datafield ind1=" " ind2=" " tag="260"><subfield code="a">Cambridge</subfield><subfield code="b">Cambridge University Press</subfield><subfield code="c">1980</subfield></datafield><datafield ind1=" " ind2=" " tag="300"><subfield code="a">X + 298 P</subfield></datafield><datafield ind1=" " ind2=" " tag="490"><subfield code="a">Cambridge Solid State Science Series</subfield></datafield><datafield ind1="1" ind2=" " tag="700"><subfield code="a">Doherty, R.D</subfield></datafield><datafield ind1=" " ind2=" " tag="852"><subfield code="a">70308</subfield><subfield code="c">539.2</subfield></datafield><datafield ind1=" " ind2=" " tag="CAT"><subfield code="a">Sys</subfield><subfield code="c">20121105</subfield><subfield code="h">161622</subfield></datafield></record></collection>